@book{hawking2018brief,
  title={Brief answers to the big questions},
  author={Hawking, Stephen},
  year={2018},
  publisher={Bantam Books, New York}
}
@article{hwang_new_2013,
	title = {A new dual-frequency stimulation method to increase the number of visual stimuli for multi-class {SSVEP}-based brain-computer interface ({BCI}).},
	volume = {1515},
	issn = {1872-6240 0006-8993},
	doi = {10.1016/j.brainres.2013.03.050},
	pages = {66--77},
	journaltitle = {Brain research},
	author = {Hwang, Han-Jeong and Hwan Kim, Dong and Han, Chang-Hee and Im, Chang-Hwan},
	date = {2013-06},
	pmid = {23587933},
}

@article{sun_binocular_2023,
	title = {A Binocular Vision {SSVEP} Brain-Computer Interface Paradigm for Dual-Frequency Modulation.},
	volume = {70},
	issn = {1558-2531 0018-9294},
	doi = {10.1109/TBME.2022.3212192},
	pages = {1172--1181},
	number = {4},
	journaltitle = {{IEEE} transactions on bio-medical engineering},
	author = {Sun, Yike and Liang, Liyan and Sun, Jingnan and Chen, Xiaogang and Tian, Runfa and Chen, Yuanfang and Zhang, Lijian and Gao, Xiaorong},
	date = {2023-04},
	pmid = {36197872},
}

	Müller-Putz, G. R., Scherer, R., Brauneis, C., & Pfurtscheller, G. (2005). Steady-state visual evoked potential (SSVEP)-based communication: impact of harmonic frequency components. Journal of Neural Engineering, 2(4), 123-130.
@article{mullerputz2005steadystate,
  title={Steady-state visual evoked potential (SSVEP)-based communication: impact of harmonic frequency components},
  author={M{\"u}ller-Putz, Gernot R. and Scherer, Reinhold and Brauneis, Christian and Pfurtscheller, Gert},
  journal={Journal of Neural Engineering},
  volume={2},
  number={4},
  pages={123--130},
  year={2005}
}

	Bin, G., Gao, X., Wang, Y., Hong, B., & Gao, S. (2011). VEP-based brain–computer interfaces: time, frequency, and code modulations. IEEE Computational Intelligence Magazine, 6(4), 22-34.
@article{bin2011vepbased,
  title={VEP-based brain–computer interfaces: time, frequency, and code modulations},
  author={Bin, Guangyu and Gao, Xiaorong and Wang, Yijun and Hong, Bo and Gao, Shangkai},
  journal={IEEE Computational Intelligence Magazine},
  volume={6},
  number={4},
  pages={22--34},
  year={2011},
  publisher={IEEE}
}

@article{bin_online_2009,
	title = {An online multi-channel {SSVEP}-based brain-computer interface using a canonical correlation analysis method.},
	volume = {6},
	issn = {1741-2552},
	doi = {10.1088/1741-2560/6/4/046002},
	pages = {046002},
	number = {4},
	journaltitle = {Journal of neural engineering},
	author = {Bin, Guangyu and Gao, Xiaorong and Yan, Zheng and Hong, Bo and Gao, Shangkai},
	date = {2009-08},
	pmid = {19494422},
}

@article{wang_localization_2006,
	title = {Localization of {FFA} using {SSVEP}-based binocular rivalry.},
	volume = {2006},
	issn = {1557-170X},
	doi = {10.1109/IEMBS.2006.260665},
	pages = {1150--1153},
	journaltitle = {Conference proceedings : ... Annual International Conference of the {IEEE} Engineering in Medicine and Biology Society. {IEEE} Engineering in Medicine and Biology Society. Annual Conference},
	author = {Wang, Ruiping and Gao, Shangkai and Zhang, Yajing and Wu, Wei and Liu, Hesheng and Gao, Xiaorong},
	date = {2006},
	pmid = {17946025},
}


 @misc{mentalab, 
 	title={Mentalab Explore}, 
 	url={https://mentalab.com/mobile-eeg/}, 
	journal={Mentalab}, 
	year={2023}, 
	month={Apr}
} 
@misc{meta, title={Meta quest pro: Our most advanced new VR headset: Meta store}, url={https://www.meta.com/be/en/quest/quest-pro/}, journal={Meta}} 

@misc{lsl, title={SCCN/labstreaminglayer}, url={https://github.com/sccn/labstreaminglayer}, journal={GitHub}, author={Sccn}} 

@article{ZHANG2011362,
title = {Binocular Rivalry Requires Visual Attention},
journal = {Neuron},
volume = {71},
number = {2},
pages = {362-369},
year = {2011},
issn = {0896-6273},
doi = {https://doi.org/10.1016/j.neuron.2011.05.035},
url = {https://www.sciencedirect.com/science/article/pii/S0896627311004922},
author = {Peng Zhang and Keith Jamison and Stephen Engel and Bin He and Sheng He}
}

@ARTICLE{polarizedlight,
  author={Sun, Yike and Liang, Liyan and Sun, Jingnan and Chen, Xiaogang and Tian, Runfa and Chen, Yuanfang and Zhang, Lijian and Gao, Xiaorong},
  journal={IEEE Transactions on Biomedical Engineering}, 
  title={A Binocular Vision SSVEP Brain–Computer Interface Paradigm for Dual-Frequency Modulation}, 
  year={2023},
  volume={70},
  number={4},
  pages={1172-1181},
  doi={10.1109/TBME.2022.3212192}
  }

@article{snr_broadband,
    doi = {10.1371/journal.pone.0156416},
    author = {Wei, Qingguo AND Feng, Siwei AND Lu, Zongwu},
    journal = {PLOS ONE},
    publisher = {Public Library of Science},
    title = {Stimulus Specificity of Brain-Computer Interfaces Based on Code Modulation Visual Evoked Potentials},
    year = {2016},
    month = {05},
    volume = {11},
    url = {https://doi.org/10.1371/journal.pone.0156416},
    pages = {1-17},
    abstract = {A brain-computer interface (BCI) based on code modulated visual evoked potentials (c-VEP) is among the fastest BCIs that have ever been reported, but it has not yet been given a thorough study. In this study, a pseudorandom binary M sequence and its time lag sequences are utilized for modulation of different stimuli and template matching is adopted as the method for target recognition. Five experiments were devised to investigate the effect of stimulus specificity on target recognition and we made an effort to find the optimal stimulus parameters for size, color and proximity of the stimuli, length of modulation sequence and its lag between two adjacent stimuli. By changing the values of these parameters and measuring classification accuracy of the c-VEP BCI, an optimal value of each parameter can be attained. Experimental results of ten subjects showed that stimulus size of visual angle 3.8°, white, spatial proximity of visual angle 4.8° center to center apart, modulation sequence of length 63 bits and the lag of 4 bits between adjacent stimuli yield individually superior performance. These findings provide a basis for determining stimulus presentation of a high-performance c-VEP based BCI system.},
    number = {5},
}



@book{bear2016neuroscience ,
  title={Neuroscience: Exploring the Brain},
  author={Bear, Mark F. and Connors, Barry W. and Paradiso, Michael A.},
  year={2016},
  edition={4},
  publisher={Wolters Kluwer}
}

@book{wolpaw2012brain ,
  title={Brain-Computer Interfaces: Principles and Practice},
  author={Wolpaw, Jonathan R. and Wolpaw, Elizabeth W.},
  year={2012},
  publisher={Oxford University Press}
}

@article{schwartz2004cortical ,
  title={Cortical neural prosthetics},
  author={Schwartz, Andrew B.},
  journal={Annual Review of Neuroscience},
  volume={27},
  pages={487--507},
  year={2004}
}

	Niedermeyer, E., & da Silva, F. L. (2005). Electroencephalography: Basic Principles, Clinical Applications, and Related Fields (5th ed.). Lippincott Williams & Wilkins.
@book{niedermeyer2005electroencephalography ,
  title={Electroencephalography: Basic Principles, Clinical Applications, and Related Fields},
  author={Niedermeyer, Ernst and da Silva, Fernando L.},
  year={2005},
  edition={5},
  publisher={Lippincott Williams \& Wilkins}
}

	Luck, S. J. (2014). An Introduction to the Event-Related Potential Technique (2nd ed.). MIT Press.
@book{luck2014introduction ,
  title={An Introduction to the Event-Related Potential Technique},
  author={Luck, Steven J.},
  year={2014},
  edition={2},
  publisher={MIT Press}
}


@article{zhu2010survey ,
  author    = {Danhua Zhu and Jordi Bieger and Gary Garcia Molina and Ronald M. Aarts},
  title     = {A Survey of Stimulation Methods Used in SSVEP-Based BCIs},
  journal   = {Computational Intelligence and Neuroscience},
  volume    = {2010},
  pages     = {1--12},
  year      = {2010},
  articleID = {702357},
  doi       = {10.1155/2010/702357},
}
	Bakardjian, H., Tanaka, T., & Cichocki, A. (2010). Optimization of SSVEP brain responses with application to eight-command brain-computer interface. Neuroscience Letters, 469(1), 6-10.
@article{bakardjian2010optimization,
  title={Optimization of SSVEP brain responses with application to eight-command brain-computer interface},
  author={Bakardjian, Haig and Tanaka, Toshihisa and Cichocki, Andrzej},
  journal={Neuroscience Letters},
  volume={469},
  number={1},
  pages={6--10},
  year={2010}
}
	Cheng, M., Gao, X., Gao, S., & Xu, D. (2002). Design and implementation of a brain-computer interface with high transfer rates. IEEE Transactions on Biomedical Engineering, 49(10), 1181-1186.
@article{cheng2002design,
  title={Design and implementation of a brain-computer interface with high transfer rates},
  author={Cheng, Ming and Gao, Xiaorong and Gao, Shangkai and Xu, Dingfeng},
  journal={IEEE Transactions on Biomedical Engineering},
  volume={49},
  number={10},
  pages={1181--1186},
  year={2002},
  publisher={IEEE}
}
	Shyu, K. K., Lee, P. L., Liu, Y. J., & Sie, J. J. (2010). Development of an SSVEP-based BCI for control of a humanoid robot. Journal of Medical and Biological Engineering, 30(5), 323-330.
@article{shyu2010development,
  title={Development of an SSVEP-based BCI for control of a humanoid robot},
  author={Shyu, Kuo-Kai and Lee, Po-Lei and Liu, Yi-Jhan and Sie, Jyun-Jie},
  journal={Journal of Medical and Biological Engineering},
  volume={30},
  number={5},
  pages={323--330},
  year={2010}
}

	Wang, Y., Chen, X., Gao, X., & Gao, S. (2017). A benchmark dataset for SSVEP-based brain-computer interfaces. IEEE Transactions on Neural Systems and Rehabilitation Engineering, 25(10), 1746-1752.
@article{wang2017benchmark,
  title={A benchmark dataset for SSVEP-based brain-computer interfaces},
  author={Wang, Yijun and Chen, Xiaogang and Gao, Xiaorong and Gao, Shangkai},
  journal={IEEE Transactions on Neural Systems and Rehabilitation Engineering},
  volume={25},
  number={10},
  pages={1746--1752},
  year={2017},
  publisher={IEEE}
}
	Müller-Putz, G. R., & Pfurtscheller, G. (2008). Control of an electrical prosthesis with an SSVEP-based BCI. IEEE Transactions on Biomedical Engineering, 55(1), 361-364.
@article{mullerputz2008control,
  title={Control of an electrical prosthesis with an SSVEP-based BCI},
  author={M{\"u}ller-Putz, Gernot R. and Pfurtscheller, Gert},
  journal={IEEE Transactions on Biomedical Engineering},
  volume={55},
  number={1},
  pages={361--364},
  year={2008},
  publisher={IEEE}
}

	Min, B. K., Marzelli, M. J., & Yoo, S. S. (2014). Neuroimaging-based approaches in the brain-computer interface. Trends in Biotechnology, 28(11), 552-560.
@article{min2014neuroimaging,
  title={Neuroimaging-based approaches in the brain-computer interface},
  author={Min, Byoung-Kyong and Marzelli, Matthew J. and Yoo, Seung-Schik},
  journal={Trends in Biotechnology},
  volume={28},
  number={11},
  pages={552--560},
  year={2014}
}
	Zhang, D., Song, H., Xu, R., Zhou, W., Ling, Z., & Hong, B. (2015). Toward a minimally invasive brain-computer interface using a single subdural channel: A visual speller study. NeuroImage, 71, 30-41.
@article{zhang2015toward,
  title={Toward a minimally invasive brain-computer interface using a single subdural channel: A visual speller study},
  author={Zhang, Da and Song, Huijuan and Xu, Ren and Zhou, Wenchang and Ling, Zhen and Hong, Bo},
  journal={NeuroImage},
  volume={71},
  pages={30--41},
  year={2015}
}

	Cao, L., Xia, B., Maysam, O., & Li, J. (2020). A high-performance sensorimotor beta rhythm-based brain-computer interface associated with human natural motor behavior. Journal of Neural Engineering, 17(2), 026010.
@article{cao2020highperformance,
  title={A high-performance sensorimotor beta rhythm-based brain-computer interface associated with human natural motor behavior},
  author={Cao, Luyao and Xia, Bin and Maysam, Oladazimi and Li, Jing},
  journal={Journal of Neural Engineering},
  volume={17},
  number={2},
  pages={026010},
  year={2020}
}
	Lin, Z., Zhang, C., Wu, W., & Gao, X. (2017). Frequency recognition based on canonical correlation analysis for SSVEP-based BCIs. IEEE Transactions on Biomedical Engineering, 54(6), 1172-1180.
@article{lin2017frequency,
  title={Frequency recognition based on canonical correlation analysis for SSVEP-based BCIs},
  author={Lin, Zongwu and Zhang, Chengcheng and Wu, Wei and Gao, Xiaorong},
  journal={IEEE Transactions on Biomedical Engineering},
  volume={54},
  number={6},
  pages={1172--1180},
  year={2017},
  publisher={IEEE}
}
	Trenado, C., Bustillo, D., & Gonzalez, J. (2019). Enhancing classification performance of functional near-infrared spectroscopy-brain-computer interface using adaptive estimation of general linear model coefficients. Frontiers in Neuroscience, 13, 388.
@article{trenado2019enhancing,
  title={Enhancing classification performance of functional near-infrared spectroscopy-brain-computer interface using adaptive estimation of general linear model coefficients},
  author={Trenado, Carlos and Bustillo, Diego and Gonzalez, Julian},
  journal={Frontiers in Neuroscience},
  volume={13},
  pages={388},
  year={2019}
}

	Vialatte, F. B., Maurice, M., Dauwels, J., & Cichocki, A. (2010). Steady-state visually evoked potentials: focus on essential paradigms and future perspectives. Progress in Neurobiology, 90(4), 418-438.
@article{vialatte2010steadystate,
  title={Steady-state visually evoked potentials: focus on essential paradigms and future perspectives},
  author={Vialatte, Francois-Benoit and Maurice, Marc and Dauwels, Justin and Cichocki, Andrzej},
  journal={Progress in Neurobiology},
  volume={90},
  number={4},
  pages={418--438},
  year={2010}
}

	Friman, O., Lüth, T., Volosyak, I., & Gräser, A. (2009). Spelling with steady-state visual evoked potentials. In 2009 IEEE International Conference on Rehabilitation Robotics (ICORR) (pp. 354-360). IEEE.
@inproceedings{friman2009spelling,
  title={Spelling with steady-state visual evoked potentials},
  author={Friman, Ola and L{\"u}th, Thomas and Volosyak, Ivan and Gr{\"a}ser, Axel},
  booktitle={2009 IEEE International Conference on Rehabilitation Robotics (ICORR)},
  pages={354--360},
  year={2009},
  publisher={IEEE}
}
	Lin, Z., Zhang, C., Wu, W., & Gao, X. (2007). Frequency recognition based on canonical correlation analysis for SSVEP-based BCIs. IEEE Transactions on Biomedical Engineering, 54(6), 1172-1176.
@article{lin2007frequency,
  title={Frequency recognition based on canonical correlation analysis for SSVEP-based BCIs},
  author={Lin, Zongwu and Zhang, Chengcheng and Wu, Wei and Gao, Xiaorong},
  journal={IEEE Transactions on Biomedical Engineering},
  volume={54},
  number={6},
  pages={1172--1176},
  year={2007},
  publisher={IEEE}
}
	Chen, X., Wang, Y., Gao, S., Jung, T. P., & Gao, X. (2015). Filter bank canonical correlation analysis for implementing a high-speed SSVEP-based brain–computer interface. Journal of Neural Engineering, 12(4), 046008.
@article{chen2015filter,
  title={Filter bank canonical correlation analysis for implementing a high-speed SSVEP-based brain–computer interface},
  author={Chen, Xiaogang and Wang, Yijun and Gao, Shangkai and Jung, Tzyy-Ping and Gao, Xiaorong},
  journal={Journal of Neural Engineering},
  volume={12},
  number={4},
  pages={046008},
  year={2015}
}
	Pan, J., Xie, Q., He, Y., Wang, F., Di, H., Laureys, S., ... & Gao, S. (2011). Detecting awareness in patients with disorders of consciousness using a hybrid brain–computer interface. Journal of Neural Engineering, 8(2), 025025.
@article{pan2011detecting,
  title={Detecting awareness in patients with disorders of consciousness using a hybrid brain–computer interface},
  author={Pan, Jing and Xie, Qiuyou and He, Yanbin and Wang, Fei and Di, Haibo and Laureys, Steven and others},
  journal={Journal of Neural Engineering},
  volume={8},
  number={2},
  pages={025025},
  year={2011}
}


	Glover, G. H. (2011). Overview of functional magnetic resonance imaging. Neurosurgery clinics of North America, 22(2),133-vii.
@article{glover2011overview,
  title={Overview of functional magnetic resonance imaging},
  author={Glover, Gary H.},
  journal={Neurosurgery clinics of North America},
  volume={22},
  number={2},
  pages={133--vii},
  year={2011}
}

	Chen, W. L., Wagner, J., Heugel, N., Sugar, J., Lee, Y. W., Conant, L., ... & Whelan, H. T. (2020). Functional near-infrared spectroscopy and its clinical application in the field of neuroscience: Advances and future directions. Frontiers in Neuroscience, 14, 724.
@article{chen2020functional,
  title={Functional near-infrared spectroscopy and its clinical application in the field of neuroscience: Advances and future directions},
  author={Chen, Wei-Lun and Wagner, Jennifer and Heugel, Nicholas and Sugar, Jeffrey and Lee, Young-Wook and Conant, Leah and others},
  journal={Frontiers in Neuroscience},
  volume={14},
  pages={724},
  year={2020},
  publisher={Frontiers}
}

	Singh, S. P. (2014). Magnetoencephalography: Basic principles. Annals of Indian Academy of Neurology, 17(Suppl 1), S107-S112.
@article{singh2014magnetoencephalography,
  title={Magnetoencephalography: Basic principles},
  author={Singh, Shri Prakash},
  journal={Annals of Indian Academy of Neurology},
  volume={17},
  number={Suppl 1},
  pages={S107--S112},
  year={2014}
}

	Nicolas-Alonso, L. F., & Gomez-Gil, J. (2012). Brain computer interfaces, a review. Sensors, 12(2), 1211-1279.
@article{nicolasalonso2012brain,
  title={Brain computer interfaces, a review},
  author={Nicolas-Alonso, Luis Fernando and Gomez-Gil, Jaime},
  journal={Sensors},
  volume={12},
  number={2},
  pages={1211--1279},
  year={2012},
  publisher={MDPI}
}

	Nirenberg, L. M., Hanley, J., & Stear, E. B. (1971). A new approach to prosthetic control: Eeg motor signal tracking with an adaptively designed phase-locked loop. IEEE Transactions on Biomedical Engineering, BME-18(6), 389-398.
@article{nirenberg1971new,
  title={A new approach to prosthetic control: Eeg motor signal tracking with an adaptively designed phase-locked loop},
  author={Nirenberg, Lillian M. and Hanley, John and Stear, Edward B.},
  journal={IEEE Transactions on Biomedical Engineering},
  volume={BME-18},
  number={6},
  pages={389--398},
  year={1971},
  publisher={IEEE}
}

	Birbaumer, N., & Cohen, L. (2007). Brain-computer interfaces: communication and restoration of movement in paralysis. The Journal of physiology, 579, 621-636.
@article{birbaumer2007brain,
  title={Brain-computer interfaces: communication and restoration of movement in paralysis},
  author={Birbaumer, Niels and Cohen, Leonardo},
  journal={The Journal of physiology},
  volume={579},
  pages={621--636},
  year={2007}
}

	Sun, Y., et al. (2023). A Binocular Vision SSVEP Brain–Computer Interface Paradigm for Dual-Frequency Modulation. IEEE Transactions on Biomedical Engineering, 70(4), 1172-1181.
@article{sun2023binocular,
  title={A Binocular Vision SSVEP Brain–Computer Interface Paradigm for Dual-Frequency Modulation},
  author={Sun, Yu and others},
  journal={IEEE Transactions on Biomedical Engineering},
  volume={70},
  number={4},
  pages={1172--1181},
  year={2023},
  doi={10.1109/TBME.2022.3212192}
}

	Zemon, V., & Ratliff, F. (1984). Intermodulation components of the visual evoked potential: Responses to lateral and superimposed stimuli. Biological cybernetics.
@article{zemon1984intermodulation,
  title={Intermodulation components of the visual evoked potential: Responses to lateral and superimposed stimuli},
  author={Zemon, Vance and Ratliff, Floyd},
  journal={Biological cybernetics},
  year={1984},
  url={https://pubmed.ncbi.nlm.nih.gov/6487677/}
}

	Allison, B.Z., Wolpaw, E.W., & Wolpaw, J.R. (2007). Brain-computer interface systems: Progress and prospects. Expert Review of Medical Devices, 4(4), 463-474.
@article{allison2007brain,
  title={Brain-computer interface systems: Progress and prospects},
  author={Allison, Brendan Z. and Wolpaw, Elizabeth W. and Wolpaw, Jonathan R.},
  journal={Expert Review of Medical Devices},
  volume={4},
  number={4},
  pages={463--474},
  year={2007}
}

	Cecotti, H. (2011). Spelling with non-invasive Brain-Computer Interfaces – Current and future trends. Journal of Physiology - Paris, 105(1-3), 106-114.
@article{cecotti2011spelling,
  title={Spelling with non-invasive Brain-Computer Interfaces – Current and future trends},
  author={Cecotti, Hubert},
  journal={Journal of Physiology - Paris},
  volume={105},
  number={1-3},
  pages={106--114},
  year={2011}
}

	Guger, C., Daban, S., Sellers, E., Holzner, C., Krausz, G., Carabalona, R., ... & Edlinger, G. (2009). How many people are able to control a P300-based brain–computer interface (BCI)? Neuroscience Letters, 462(1), 94-98.
@article{guger2009many,
  title={How many people are able to control a P300-based brain–computer interface (BCI)?},
  author={Guger, Christoph and Daban, S. and Sellers, E. and Holzner, C. and Krausz, G. and Carabalona, R. and others},
  journal={Neuroscience Letters},
  volume={462},
  number={1},
  pages={94--98},
  year={2009}
}

	Sutton, S., Braren, M., Zubin, J., & John, E.R. (1965). Evoked-potential correlates of stimulus uncertainty. Science, 150(3700), 1187-1188.
@article{sutton1965evoked,
  title={Evoked-potential correlates of stimulus uncertainty},
  author={Sutton, S. and Braren, M. and Zubin, J. and John, E. R.},
  journal={Science},
  volume={150},
  number={3700},
  pages={1187--1188},
  year={1965}
}

	Sutter, E.E. (1992). The brain response interface: Communication through visually-induced electrical brain responses. Journal of Microcomputer Applications, 15(1), 31-45.
@article{sutter1992brain,
  title={The brain response interface: Communication through visually-induced electrical brain responses},
  author={Sutter, Eric E.},
  journal={Journal of Microcomputer Applications},
  volume={15},
  number={1},
  pages={31--45},
  year={1992}
}

	Bin, G., Gao, X., Yan, Z., Hong, B., & Gao, S. (2009). An online multi-channel SSVEP-based brain-computer interface using a canonical correlation analysis method. Journal of Neural Engineering, 6(4), 046002.
@article{bin2009online,
  title={An online multi-channel SSVEP-based brain-computer interface using a canonical correlation analysis method},
  author={Bin, Guangyu and Gao, Xiaorong and Yan, Ze and Hong, Bo and Gao, Shangkai},
  journal={Journal of Neural Engineering},
  volume={6},
  number={4},
  pages={046002},
  year={2009}
}

	Wolpaw, J.R., Birbaumer, N., McFarland, D.J., Pfurtscheller, G., & Vaughan, T.M. (2002). Brain-computer interfaces for communication and control. Clinical Neurophysiology, 113(6), 767-791.
@article{wolpaw2002brain,
  title={Brain-computer interfaces for communication and control},
  author={Wolpaw, Jonathan R. and Birbaumer, Niels and McFarland, Dennis J. and Pfurtscheller, Gert and Vaughan, Theresa M.},
  journal={Clinical Neurophysiology},
  volume={113},
  number={6},
  pages={767--791},
  year={2002}
}

	Kübler, A., & Müller, K.R. (2007). An introduction to brain-computer interfacing. In G. Dornhege, J. del R. Millán, T. Hinterberger, D. McFarland, & K.R. Müller (Eds.), Toward Brain-Computer Interfacing (pp. 1-25). MIT Press.
@inbook{kubler2007introduction,
  title={An introduction to brain-computer interfacing},
  author={K{\"u}bler, Andrea and M{\"u}ller, Klaus-Robert},
  editor={Dornhege, G. and Mill{\'a}n, J. del R. and Hinterberger, T. and McFarland, D. and M{\"u}ller, K.R.},
  booktitle={Toward Brain-Computer Interfacing},
  pages={1--25},
  year={2007},
  publisher={MIT Press}
}


	Yan, Z., Gao, X., & Gao, S. (2011). Right-and-left visual field stimulation: A frequency and space mixed coding method for SSVEP based brain-computer interface. Science China Information Sciences, 54, 2492-2498.
@article{yan2011right,
  title={Right-and-left visual field stimulation: A frequency and space mixed coding method for SSVEP based brain-computer interface},
  author={Yan, Zeng and Gao, Xiaorong and Gao, Shangkai},
  journal={Science China Information Sciences},
  volume={54},
  pages={2492--2498},
  year={2011},
  doi={10.1007/s11432-011-4503-5}
}
	Hwang, H. J., Hwan Kim, D., Han, C. H., & Im, C. H. (2013). A new dual-frequency stimulation method to increase the number of visual stimuli for multi-class SSVEP-based brain-computer interface (BCI). Brain research, 1515, 66–77.
@article{hwang2013new,
  title={A new dual-frequency stimulation method to increase the number of visual stimuli for multi-class SSVEP-based brain-computer interface (BCI)},
  author={Hwang, Han-Jeong and Kim, Dong-Hwan and Han, Chang-Hee and Im, Chang-Hwan},
  journal={Brain research},
  volume={1515},
  pages={66--77},
  year={2013},
  doi={10.1016/j.brainres.2013.03.050}
}
	Blake, R., & Logothetis, N. (2002). Visual competition. Nature Reviews Neuroscience, 3(1), 13-21.
@article{blake2002visual,
  title={Visual competition},
  author={Blake, Randolph and Logothetis, Nikos},
  journal={Nature Reviews Neuroscience},
  volume={3},
  number={1},
  pages={13--21},
  year={2002}
}


@article{DavidCarmel2010,
title = "How to create and use binocular rivalry",
author = "David Carmel and Michael Arcaro and Sabine Kastner and Uri Hasson",
year = "2010",
month = nov,
doi = "10.3791/2030",
language = "English (US)",
journal = "Journal of Visualized Experiments",
issn = "1940-087X",
publisher = "MYJoVE Corporation",
number = "45",
}

@article{gordon_intermodulation_2019,
    title = {From Intermodulation Components to Visual Perception and Cognition: A Review},
    author = {Gordon, N. and Hohwy, J. and Davidson, M. J. and van Boxtel, J. J. A. and Tsuchiya, N.},
    journal = {NeuroImage},
    volume = {199},
    pages = {480--494},
    year = {2019},
    issn = {1053-8119},
    doi = {10.1016/j.neuroimage.2019.06.008},
    url = {https://doi.org/10.1016/j.neuroimage.2019.06.008},
}
